% Encoding: UTF-8

@INPROCEEDINGS{Chitchyan2004,
  author = {Ruzanna Chitchyan and Ian Sommerville},
  title = {Comparing Dynamic AO Systems},
  booktitle = {Proceedings of the 2004 Dynamic Aspects Workshop},
  year = {2004},
}

@BOOK{Gamma1995,
  title = {Design patterns: elements of reusable object-oriented software},
  publisher = {Addison-Wesley Longman Publishing Co.},
  year = {1995},
  author = {Erich Gamma and Richard Helm and Ralph Johnson and John Vlissides},
  address = {Boston, MA, USA},
}

